<record><leader>00000cas a2200000 a 4500</leader><controlfield tag="001">12674438</controlfield><controlfield tag="008">851015d18921898ksuwr ne      0    0eng d</controlfield><datafield ind1=" " ind2=" " tag="010"><subfield code="a">sn 85032768 </subfield></datafield><datafield ind1=" " ind2=" " tag="040"><subfield code="a">KSH</subfield><subfield code="b">eng</subfield><subfield code="c">KSH</subfield><subfield code="d">NPT</subfield><subfield code="d">OCL</subfield><subfield code="d">OCLCQ</subfield></datafield><datafield ind1=" " ind2=" " tag="042"><subfield code="a">msc</subfield></datafield><datafield ind1="0" ind2=" " tag="130"><subfield code="a">Milan press (Milan, Kan. : 1892)</subfield></datafield><datafield ind1="1" ind2="4" tag="245"><subfield code="a">The Milan press.</subfield></datafield><datafield ind1=" " ind2=" " tag="260"><subfield code="a">Milan, Kan. :</subfield><subfield code="b">Mervin O. Cissel,</subfield><subfield code="c">1892-1898.</subfield></datafield><datafield ind1=" " ind2=" " tag="300"><subfield code="a">6 v. :</subfield><subfield code="b">ill. (chiefly advertisements) ;</subfield><subfield code="c">60 cm.</subfield></datafield><datafield ind1=" " ind2=" " tag="310"><subfield code="a">Weekly</subfield></datafield><datafield ind1="0" ind2=" " tag="362"><subfield code="a">Vol. 2, no. 1 (Jan. 28, 1892)-v. 8, no. 25 (July 14, 1898).</subfield></datafield><datafield ind1=" " ind2=" " tag="752"><subfield code="a">United States</subfield><subfield code="b">Kansas</subfield><subfield code="c">Sumner</subfield><subfield code="d">Milan.</subfield></datafield><datafield ind1="0" ind2="0" tag="780"><subfield code="t">People's press (Argonia, Kan.)</subfield><subfield code="w">(DLC)sn 85032718</subfield></datafield><datafield ind1="0" ind2="4" tag="785"><subfield code="t">Argonia clipper</subfield><subfield code="w">(DLC)sn 85032715</subfield></datafield><datafield ind1="1" ind2=" " tag="029"><subfield code="a">AU@</subfield><subfield code="b">000022166998</subfield></datafield></record>